


@inproceedings{Eisenstein:2010:LVM:1870658.1870782,
 author = {Eisenstein, Jacob and O'Connor, Brendan and Smith, Noah A. and Xing, Eric P.},
 title = {A Latent Variable Model for Geographic Lexical Variation},
 booktitle = {Proceedings of the 2010 Conference on Empirical Methods in Natural Language Processing},
 series = {EMNLP '10},
 year = {2010},
 location = {Cambridge, Massachusetts},
 pages = {1277--1287},
 numpages = {11},
 url = {http://dl.acm.org/citation.cfm?id=1870658.1870782},
 acmid = {1870782},
 publisher = {Association for Computational Linguistics},
 address = {Stroudsburg, PA, USA},
} 

@article{Jurgens15,
	author = {David Jurgens and Tyler Finethy and James McCorriston and Yi Xu and Derek Ruths},
	title = {Geolocation Prediction in Twitter Using Social Networks: A Critical Analysis and Review of Current Practice},
	conference = {International AAAI Conference on Web and Social Media},
	year = {2015},
	keywords = {twitter; geoinference; geolocation; spatial location; location; social media; comparative anaysis},
}

